@inproceedings{sift,
  title={Object recognition from local scale-invariant features},
  author={Lowe, David G},
  booktitle={Proceedings of the seventh IEEE international conference on computer vision},
  volume={2},
  pages={1150--1157},
  year={1999},
  organization={Ieee}
}

@inproceedings{fast,
author="Rosten, Edward
and Drummond, Tom",
editor="Leonardis, Ale{\v{s}}
and Bischof, Horst
and Pinz, Axel",
title="Machine Learning for High-Speed Corner Detection",
booktitle="Computer Vision -- ECCV 2006",
year="2006",
publisher="Springer Berlin Heidelberg",
address="Berlin, Heidelberg",
pages="430--443",
isbn="978-3-540-33833-8"
}

@inproceedings{brief,
  acmid = {1888148},
  added-at = {2012-10-15T18:05:48.000+0200},
  address = {Berlin, Heidelberg},
  author = {Calonder, Michael and Lepetit, Vincent and Strecha, Christoph and Fua, Pascal},
  biburl = {https://www.bibsonomy.org/bibtex/2f343a2143a7e82865d63f365490ed15d/daill},
  booktitle = {Proceedings of the 11th European conference on Computer vision: Part IV},
  description = {BRIEF},
  interhash = {286f6033d09814ed526f968f27862e84},
  intrahash = {f343a2143a7e82865d63f365490ed15d},
  isbn = {3-642-15560-X, 978-3-642-15560-4},
  keywords = {brief descriptor feature},
  location = {Heraklion, Crete, Greece},
  numpages = {15},
  pages = {778--792},
  publisher = {Springer-Verlag},
  series = {ECCV'10},
  timestamp = {2012-10-15T18:05:48.000+0200},
  title = {BRIEF: binary robust independent elementary features},
  url = {http://dl.acm.org/citation.cfm?id=1888089.1888148},
  year = 2010
}

@article{svm,
  title={Support-vector networks},
  author={Corinna Cortes and Vladimir Naumovich Vapnik},
  journal={Machine Learning},
  year={2004},
  volume={20},
  pages={273-297}
}

@inproceedings{orb,
  author={Rublee, Ethan and Rabaud, Vincent and Konolige, Kurt and Bradski, Gary},
  booktitle={2011 International Conference on Computer Vision}, 
  title={ORB: An efficient alternative to SIFT or SURF}, 
  year={2011},
  pages={2564-2571},
  doi={10.1109/ICCV.2011.6126544}
}

@online{svm-img,
  author={Bruno Stecanella},
  organization={Monkey Learn Inc.},
  url={https://monkeylearn.com/blog/introduction-to-support-vector-machines-svm/},
  urldate={2022-12-01}
}
